@article{bsj,
  title = {Thermodynamic efficiency limit of excitonic solar cells},
  author = {Giebink, Noel C. and Wiederrecht, Gary P. and Wasielewski, Michael R. and Forrest, Stephen R.},
  journal = {Phys. Rev. B},
  volume = {83},
  issue = {19},
  pages = {195326},
  numpages = {6},
  year = {2011},
  month = {May},
  publisher = {American Physical Society},
  doi = {10.1103/PhysRevB.83.195326},
  url = {http://link.aps.org/doi/10.1103/PhysRevB.83.195326}
}


@article {tiss,
author = {Marigo, Nicoletta},
title = {The Chinese silicon photovoltaic industry and market: a critical review of trends and outlook},
journal = {Progress in Photovoltaics: Research and Applications},
volume = {15},
number = {2},
publisher = {John Wiley & Sons, Ltd.},
issn = {1099-159X},
url = {http://dx.doi.org/10.1002/pip.716},
doi = {10.1002/pip.716},
pages = {143--162},
keywords = {silicon photovoltaic, photovoltaic industry, solar manufacturing strategies, future PV outlook, China},
year = {2007},
}



@article{promp,
  title={The promise and challenge of nanostructured solar cells},
  author={Beard, Matthew C and Luther, Joseph M and Nozik, Arthur J},
  journal={Nature nanotechnology},
  volume={9},
  number={12},
  pages={951--954},
  year={2014},
  publisher={Nature Publishing Group}
}



@book{Bok,
  title={Solar cells: operating principles, technology, and system applications},
  author={Green, M.A.},
  isbn={9780138222703},
  lccn={81004355},
  series={Prentice-Hall series in solid state physical electronics},
  url={https://books.google.co.uk/books?id=ODAEAQAAIAAJ},
  year={1982},
  publisher={Prentice-Hall}
}





@book{halvlederbok,
  title={Solid State Electronic Devices},
  author={Streetman, B.G. and Banerjee, S.},
  isbn={9780131497269},
  lccn={2006272508},
  series={Prentice-Hall series in solid state physical electronics},
  url={https://books.google.co.in/books?id=xHS8QgAACAAJ},
  year={2006},
  publisher={Pearson Prentice Hall}
}


@incollection{hovedkilde,
  doi = {10.5772/59159},
  url = {http://dx.doi.org/10.5772/59159},
  year  = {2015},
  month = {oct},
  publisher = {{InTech}},
  author = {Khalil Ebrahim Jasim},
  title = {Quantum Dots Solar Cells},
  booktitle = {Solar Cells - New Approaches and Reviews}
}



@article{kvantefysikktiss,
  title={Electronic wave functions in semiconductor clusters: experiment and theory},
  author={Brus, Louis},
  journal={The Journal of Physical Chemistry},
  volume={90},
  number={12},
  pages={2555--2560},
  year={1986},
  publisher={ACS Publications}
}





@article{Artikkel_maks_lengde,
  title={Detailed balance limit of efficiency of p-n junction solar cells},
  author={Shockley, William and Queisser, Hans J},
  journal={Journal of applied physics},
  volume={32},
  number={3},
  pages={510--519},
  year={1961},
  publisher={AIP Publishing}
}



@book{nanotektissbok,
  Author = {Ben Rogers and Jesse Adams and Sumita Pennathur},
  Title = {Nanotechnology: The Whole Story},
  Publisher = {CRC Press},
  Year = {2013},
  ISBN = {},
  URL = {https://www.amazon.com/Nanotechnology-Whole-Story-Ben-Rogers-ebook/dp/B00BC9N6MW%3FSubscriptionId%3D0JYN1NVW651KCA56C102%26tag%3Dtechkie-20%26linkCode%3Dxm2%26camp%3D2025%26creative%3D165953%26creativeASIN%3DB00BC9N6MW}
}


@article{rekordkilde,
author = {Du, Zhonglin and Pan, Zhenxiao and Fabregat-Santiago, Francisco and Zhao, Ke and Long, Donghui and Zhang, Hua and Zhao, Yixin and Zhong, Xinhua and Yu, Jong-Sung and Bisquert, Juan},
title = {Carbon Counter-Electrode-Based Quantum-Dot-Sensitized Solar Cells with Certified Efficiency Exceeding 11\%},
journal = {The Journal of Physical Chemistry Letters},
volume = {7},
number = {16},
pages = {3103-3111},
year = {2016},
URL = { 
        http://dx.doi.org/10.1021/acs.jpclett.6b01356
},
}


@article{gammelrekord,
author = {Zhao, Ke and Pan, Zhenxiao and Mora-Seró, Iván and Cánovas, Enrique and Wang, Hai and Song, Ya and Gong, Xueqing and Wang, Jin and Bonn, Mischa and Bisquert, Juan and Zhong, Xinhua},
title = {Boosting Power Conversion Efficiencies of Quantum-Dot-Sensitized Solar Cells Beyond 8\% by Recombination Control},
journal = {Journal of the American Chemical Society},
volume = {137},
number = {16},
pages = {5602-5609},
year = {2015},
doi = {10.1021/jacs.5b01946},
    note ={PMID: 25860792},

URL = { 
        http://dx.doi.org/10.1021/jacs.5b01946
    
}
}

%https://www.jpl.nasa.gov/spaceimages/details.php?id=PIA03153
%https://ssd.jpl.nasa.gov/horizons.cgi#results
%http://compphysics.github.io/ComputationalPhysics/doc/Projects/2017/Project3/pdf/Project3.pdf